<record><leader>00000cas a22000007a 4500</leader><controlfield tag="001">10470620</controlfield><controlfield tag="008">840229c19199999scudr ne      0   a0eng d</controlfield><datafield ind1=" " ind2=" " tag="010"><subfield code="a">sn 84009394 </subfield></datafield><datafield ind1=" " ind2=" " tag="040"><subfield code="a">NSD</subfield><subfield code="b">eng</subfield><subfield code="c">NSD</subfield><subfield code="d">NPT</subfield><subfield code="d">SVN</subfield><subfield code="d">OCLCQ</subfield><subfield code="d">DSC</subfield><subfield code="d">OCLCO</subfield><subfield code="d">SUC</subfield><subfield code="d">OCLCF</subfield></datafield><datafield ind1=" " ind2=" " tag="012"><subfield code="m">1</subfield></datafield><datafield ind1="1" ind2=" " tag="022"><subfield code="a">0747-0231</subfield><subfield code="l">0747-0231</subfield><subfield code="2">1</subfield></datafield><datafield ind1="1" ind2=" " tag="029"><subfield code="a">AU@</subfield><subfield code="b">000020411456</subfield></datafield><datafield ind1=" " ind2=" " tag="032"><subfield code="a">261540</subfield><subfield code="b">USPS</subfield></datafield><datafield ind1=" " ind2=" " tag="037"><subfield code="b">Index-Journal Co., P.O. Box 1018, Greenwood, S.C. 29648</subfield></datafield><datafield ind1=" " ind2=" " tag="042"><subfield code="a">nsdp</subfield></datafield><datafield ind1=" " ind2=" " tag="043"><subfield code="a">n-us-sc</subfield></datafield><datafield ind1=" " ind2="4" tag="222"><subfield code="a">The index-journal</subfield></datafield><datafield ind1="0" ind2="4" tag="245"><subfield code="a">The index-journal.</subfield></datafield><datafield ind1=" " ind2=" " tag="260"><subfield code="a">Greenwood, S.C. :</subfield><subfield code="b">Index-Journal Co.</subfield></datafield><datafield ind1=" " ind2=" " tag="300"><subfield code="a">v. :</subfield><subfield code="b">ill. ;</subfield><subfield code="c">56 cm.</subfield></datafield><datafield ind1=" " ind2=" " tag="310"><subfield code="a">Daily</subfield></datafield><datafield ind1="1" ind2=" " tag="362"><subfield code="a">Began with Feb. 6, 1919.</subfield></datafield><datafield ind1=" " ind2=" " tag="588"><subfield code="a">Description based on: Vol. 1, no. 1 (Feb. 6, 1919).</subfield></datafield><datafield ind1=" " ind2="0" tag="651"><subfield code="a">Greenwood County (S.C.)</subfield><subfield code="v">Newspapers.</subfield></datafield><datafield ind1=" " ind2="7" tag="655"><subfield code="a">Newspapers.</subfield><subfield code="2">fast</subfield><subfield code="0">(OCoLC)fst01423814</subfield></datafield><datafield ind1=" " ind2="7" tag="651"><subfield code="a">South Carolina</subfield><subfield code="z">Greenwood County.</subfield><subfield code="2">fast</subfield><subfield code="0">(OCoLC)fst01209617</subfield></datafield><datafield ind1=" " ind2=" " tag="752"><subfield code="a">United States</subfield><subfield code="b">South Carolina</subfield><subfield code="c">Greenwood</subfield><subfield code="d">Greenwood.</subfield></datafield><datafield ind1="0" ind2="4" tag="780"><subfield code="t">Greenwood daily journal (Greenwood, S.C.)</subfield><subfield code="w">(DLC)sn 93067758</subfield></datafield><datafield ind1="0" ind2="4" tag="780"><subfield code="t">Evening index (Greenwood, S.C.)</subfield><subfield code="w">(DLC)  2013228829</subfield><subfield code="w">(OCoLC)858875241</subfield></datafield></record>